<?xml version="1.0" encoding="UTF-8"?><record xmlns="http://www.loc.gov/MARC21/slim" xmlns:cinclude="http://apache.org/cocoon/include/1.0" xmlns:zs="http://www.loc.gov/zing/srw/">
  <leader>00421nz  a2200121n  4500</leader>
  <controlfield tag="001">no 91030658 </controlfield>
  <controlfield tag="003">DLC</controlfield>
  <controlfield tag="005">19911220165051.4</controlfield>
  <controlfield tag="008">911220n| acannaab|          |n aaa     c</controlfield>
  <datafield tag="010" ind1=" " ind2=" ">
    <subfield code="a">no 91030658 </subfield>
  </datafield>
  <datafield tag="040" ind1=" " ind2=" ">
    <subfield code="a">InU-Mu</subfield>
    <subfield code="c">InU-Mu</subfield>
  </datafield>
  <datafield tag="100" ind1="1" ind2="0">
    <subfield code="a">FuĚlemile, Tibor</subfield>
  </datafield>
  <datafield tag="670" ind1=" " ind2=" ">
    <subfield code="a">Mozart, W.A. Sinfonia concertate for oboe, clarinet, bassoon, horn and strings in E flat major, K. 297/b (Anh. 9) [SR] 196-?:</subfield>
    <subfield code="b">labels (Tibor FuĚlemile, bassoon)</subfield>
  </datafield>
</record>